@Manual{r,
    title = {\proglang{R}: A Language and Environment for Statistical Computing},
    author = {{\proglang{R} Development Core Team}},
    organization = {\proglang{R} Foundation for Statistical Computing},
    address = {Vienna, Austria},
    year = {2014},
    url = {http://www.R-project.org/},
}

@Manual{hmisc,
    title = {\pkg{Hmisc}: Harrell Miscellaneous},
    author = {Frank~E.~Harrell},
    year = {2014},
    note = {\proglang{R}~package version~3.14-4},
    url = {http://CRAN.R-project.org/package=Hmisc},
}
  
@Manual{norm,
    title = {\pkg{norm}: Analysis of Multivariate Normal Datasets with Missing Values},
    author = {Alvaro~A.~Novo and Joseph~L.~Schafer},
    year = {2013},
    note = {\proglang{R}~package version~1.0-9.5},
    url = {http://CRAN.R-project.org/package=norm},
}

@Article{mi,
    title = {Multiple Imputation with Diagnostics (\pkg{mi}) in \proglang{R}: Opening Windows into the Black Box},
    author = {Yu-Sung~Su and Andrew~Gelman and Jennifer~Hill and Masanao~Yajima},
    journal = {Journal of Statistical Software},
    year = {2011},
    volume = {45},
    number = {2},
    pages = {1--31},
    url = {http://www.jstatsoft.org/v45/i02/},
}

@Manual{migui,
    title = {\pkg{migui}: Graphical User Interface of the \pkg{mi} Package},
    author = {Daniel~Lee and Yu-Sung~Su},
    year = {2011},
    note = {\proglang{R}~package version~0.00-09},
    url = {http://CRAN.R-project.org/package=migui},
}

@Article{mice,
    title = {\pkg{mice}: Multivariate Imputation by Chained Equations in \proglang{R}},
    author = {Stef~{van Buuren} and Karin~Groothuis-Oudshoorn},
    journal = {Journal of Statistical Software},
    year = {2011},
    volume = {45},
    number = {3},
    pages = {1--67},
    url = {http://www.jstatsoft.org/v45/i03/},
}

@Article{amelia,
    title = {\proglang{Amelia II}: A Program for Missing Data},
    author = {James~Honaker and Gary~King and Matthew~Blackwell},
    journal = {Journal of Statistical Software},
    year = {2011},
    volume = {45},
    number = {7},
    pages = {1--47},
    url = {http://www.jstatsoft.org/v45/i07/},
}

@Manual{mip,
    title = {\pkg{miP}: Multiple Imputation Plots},
    author = {Paul~Brix},
    year = {2012},
    note = {\proglang{R}~package version~1.1},
    url = {http://CRAN.R-project.org/package=miP},
}

@Manual{ggally,
    title = {\pkg{GGally}: Extension to \pkg{ggplot2}.},
    author = {Barret~Schloerke and Jason~Crowley and Di~Cook and Heike~Hofmann and Hadley~Wickham and Francois~Briatte and Moritz~Marbach and Edwin~Thoen},
    year = {2014},
    note = {\proglang{R}~package version~0.4.8},
    url = {http://CRAN.R-project.org/package=GGally},
}

@Manual{gwidgets,
    title = {\pkg{gWidgets}: \pkg{gWidgets} API for Building Toolkit-independent, Interactive GUIs},
    author = {John~Verzani and Simon~Urbanek and Philippe~Grosjean and Michael~Lawrence},
    year = {2014},
    note = {\proglang{R}~package version~0.0-54},
    url = {http://CRAN.R-project.org/package=gWidgets},
}

@Manual{VIM,
    title = {\pkg{VIM}: Visualization and Imputation of Missing Values},
    author = {Matthias~Templ and Andreas~Alfons and Alexander~Kowarik and Bernd~Prantner},
    year = {2013},
    note = {\proglang{R}~package version~4.0.0},
    url = {http://CRAN.R-project.org/package=VIM},
}

@Manual{VIMGUI,
    title = {\pkg{VIMGUI}: Visualization and Imputation of Missing Values},
    author = {Daniel~Schopfhauser and Matthias~Templ and Andreas~Alfons and Alexander~Kowarik and Bernd~Prantner},
    year = {2013},
    note = {\proglang{R}~package version~0.9.0},
    url = {http://CRAN.R-project.org/package=VIMGUI},
}

@article{templ2008visualization,
  title={Visualization of Missing Values Using the \proglang{R}-package \pkg{VIM}},
  author={Templ, M. and Filzmoser, P.},
  journal={Research Report CS-2008-1},
  Address={Department of Statistics and Probability Therory, Vienna University of Technology},
  year={2008}
}

@Book{ggplot2,
    author = {Hadley~Wickham},
    title = {\pkg{ggplot2}: Elegant Graphics for Data Analysis},
    Publisher={Springer-Verlag},
    Address={New York, NY},
    year = {2009},
    isbn = {978-0-387-98140-6},
    url = {http://had.co.nz/ggplot2/book},
}

@article{swayne1998missing,
  title={Missing Data In Interactive High-dimensional Data Visualization},
  author={Swayne, D.~F. and Buja, A.},
  journal={Computational Statistics},
  volume={13},
  number={1},
  pages={15--26},
  issn={0943-4062},
  year={1998},
  publisher={Citeseer}
}

@article{swayne1998xgobi,
  title={\proglang{XGobi}: Interactive Dynamic Data Visualization in the X Window System},
  author={Swayne, Deborah F and Cook, Dianne and Buja, Andreas},
  journal={Journal of Computational and Graphical Statistics},
  volume={7},
  number={1},
  pages={113--130},
  year={1998},
  publisher={Taylor \& Francis Group}
}

@article{unwin1996interactive,
  title={Interactive Graphics for Data Sets With Missing Values: \proglang{MANET}},
  author={Unwin, A. and Hawkins, G. and Hofmann, H. and Siegl, B.},
  journal={Journal of Computational and Graphical Statistics},
  volume={5},
  number={2},
  pages={113--122},
  issn={1061-8600},
  year={1996},
  publisher={JSTOR}
}

@misc{tao, 
  Author={McPhaden, M.~J.}, 
  Year={2011}, 
  Title={Tropical Atmosphere Ocean Project}, 
  HowPublished={\url{http://www.pmel.noaa.gov/tao/index.shtml}}
}

@BOOK{CS07,
  Author={Cook, D. and Swayne, D.~F.},
  Year={2007},
  Title={Interactive and Dynamic Graphics for Data Analysis: with \proglang{R} and \proglang{GGobi}},
  Publisher={Springer-Verlag},
  Address={New York, NY}
}

@article{STLBC03, 
  author = {Deborah~F.~Swayne and Duncan~{Temple Lang} and Andreas~Buja and Dianne~Cook}, 
  title = {\proglang{GGobi}: Evolving from \proglang{XGobi} into an Extensible Framework for Interactive Data Visualization}, 
  journal = {Computational Statistics \& Data Analysis}, 
  volume = {43}, 
  year = {2003}, 
  pages = {423--444},
  url={http://www.ggobi.org} 
}

@article{little1988test,
  title={A Test of Missing Completely at Random for Multivariate Data with Missing Values},
  author={Little, Roderick JA},
  journal={Journal of the American Statistical Association},
  volume={83},
  number={404},
  pages={1198--1202},
  year={1988},
  publisher={Taylor \& Francis Group}
}

@incollection{jaeger2006testing,
  title={On Testing the Missing at Random Assumption},
  author={Jaeger, Manfred},
  booktitle={Machine Learning: ECML 2006},
  pages={671--678},
  year={2006},
  publisher={Springer-Verlag}
}

@article{andridge2010review,
  title={A Review of Hot Deck Imputation for Survey Non-response},
  author={Andridge, Rebecca R and Little, Roderick JA},
  journal={International Statistical Review},
  volume={78},
  number={1},
  pages={40--64},
  year={2010},
  publisher={Wiley Online Library}
}

@inproceedings{rubin1978multiple,
  title={Multiple Imputations in Sample Surveys - a Phenomenological Bayesian Approach to Nonresponse},
  author={Rubin, Donald B},
  booktitle={Proceedings of the Section on Survey Research Methods},
  pages={20},
  year={1978}
}

@article{schafer1998multiple,
  title={Multiple Imputation for Multivariate Missing-data Problems: A Data Analyst's Perspective},
  author={Schafer, Joseph L and Olsen, Maren K},
  journal={Multivariate Behavioral Research},
  volume={33},
  number={4},
  pages={545--571},
  year={1998},
  publisher={Taylor \& Francis}
}

@article{hummel1996linked,
  title={Linked Bar Charts: Analysing Categorical Data Graphically},
  author={Hummel, J{\"u}rgen},
  journal={Computational Statistics},
  volume={11},
  number={1},
  pages={23--34},
  year={1996},
  publisher={Heidelberg: Physica-Verlag}
}

@article{theus1999visualizing,
  title={Visualizing Loglinear Models},
  author={Theus, Martin and Lauer, Stephan RW},
  journal={Journal of Computational and Graphical Statistics},
  volume={8},
  number={3},
  pages={396--412},
  year={1999},
  publisher={Taylor \& Francis Group}
}

@article{inselberg1985plane,
  title={The Plane with Parallel Coordinates},
  author={Inselberg, Alfred},
  journal={The Visual Computer},
  volume={1},
  number={2},
  pages={69--91},
  year={1985},
  publisher={Springer-Verlag}
}

@article{wegman1990hyperdimensional,
  title={Hyperdimensional Data Analysis Using Parallel Coordinates},
  author={Wegman, Edward J},
  journal={Journal of the American Statistical Association},
  volume={85},
  number={411},
  pages={664--675},
  year={1990},
  publisher={Taylor \& Francis Group}
}